<record><leader>00000cas a2200000 a 4500</leader><controlfield tag="001">11798548</controlfield><controlfield tag="008">850313d18961919ksuwr ne      0   a0eng d</controlfield><datafield ind1=" " ind2=" " tag="010"><subfield code="a">sn 85030142 </subfield></datafield><datafield ind1=" " ind2=" " tag="040"><subfield code="a">KSH</subfield><subfield code="b">eng</subfield><subfield code="c">KSH</subfield><subfield code="d">NPT</subfield><subfield code="d">OCL</subfield><subfield code="d">OCLCQ</subfield></datafield><datafield ind1=" " ind2=" " tag="042"><subfield code="a">msc</subfield></datafield><datafield ind1="0" ind2="0" tag="245"><subfield code="a">Linn County republic.</subfield></datafield><datafield ind1=" " ind2=" " tag="260"><subfield code="a">Mound City, Kan. :</subfield><subfield code="b">Republic Pub. Co.,</subfield><subfield code="c">1896-1919.</subfield></datafield><datafield ind1=" " ind2=" " tag="300"><subfield code="a">25 v. :</subfield><subfield code="b">ill. ;</subfield><subfield code="c">55-61 cm.</subfield></datafield><datafield ind1=" " ind2=" " tag="310"><subfield code="a">Weekly</subfield></datafield><datafield ind1="0" ind2=" " tag="362"><subfield code="a">Vol. 12, no. 44 (Feb. 14, 1896)-v. 36, no. 30 (Oct. 23, 1919).</subfield></datafield><datafield ind1=" " ind2=" " tag="500"><subfield code="a">Publisher varies.</subfield></datafield><datafield ind1=" " ind2=" " tag="515"><subfield code="a">Numbering is irregular.</subfield></datafield><datafield ind1=" " ind2=" " tag="752"><subfield code="a">United States</subfield><subfield code="b">Kansas</subfield><subfield code="c">Linn</subfield><subfield code="d">Mound City.</subfield></datafield><datafield ind1="0" ind2="0" tag="780"><subfield code="t">Linn County republic and Mound City progress</subfield><subfield code="w">(DLC)sn 85030143</subfield></datafield><datafield ind1="0" ind2="7" tag="785"><subfield code="t">Border sentinel (Mound City, Kan. : 1916)</subfield><subfield code="w">(DLC)sn 85030145</subfield></datafield><datafield ind1="0" ind2="7" tag="785"><subfield code="t">Mound City republic</subfield><subfield code="w">(DLC)sn 85030141</subfield></datafield></record>